<record><leader>00000cas a22000007a 4500</leader><controlfield tag="001">22789139</controlfield><controlfield tag="008">901207d19211959nyuwr ne      0    0eng d</controlfield><datafield ind1=" " ind2=" " tag="010"><subfield code="a">sn 90066596 </subfield></datafield><datafield ind1=" " ind2=" " tag="040"><subfield code="a">NYS</subfield><subfield code="b">eng</subfield><subfield code="c">NYS</subfield><subfield code="d">OCLCQ</subfield></datafield><datafield ind1=" " ind2=" " tag="042"><subfield code="a">msc</subfield></datafield><datafield ind1="0" ind2="4" tag="245"><subfield code="a">The Port Byron chronicle and Cayuga County news.</subfield></datafield><datafield ind1=" " ind2=" " tag="260"><subfield code="a">Port Byron, N.Y. :</subfield><subfield code="b">L.H. King</subfield></datafield><datafield ind1=" " ind2=" " tag="300"><subfield code="a">v.</subfield></datafield><datafield ind1=" " ind2=" " tag="310"><subfield code="a">Weekly</subfield></datafield><datafield ind1="0" ind2=" " tag="362"><subfield code="a">Vol. [51], no. 46 (Nov. 19, 1921)-v., no. 27 (July 2, 1959).</subfield></datafield><datafield ind1=" " ind2=" " tag="515"><subfield code="a">Issues for &lt;Nov. 19, 1921-Jan. 7, 1922&gt; erroneously have Roman numberals "CI" for vol. numbering.</subfield></datafield><datafield ind1=" " ind2=" " tag="515"><subfield code="a">Issue for Aug. 25, 1923 numbered: Vol. 52, no. 34.</subfield></datafield><datafield ind1=" " ind2=" " tag="515"><subfield code="a">Continues numbering of Port Byron chronicle.</subfield></datafield><datafield ind1=" " ind2="4" tag="651"><subfield code="a">Port Byron (N.Y.)</subfield><subfield code="v">Newspapers.</subfield></datafield><datafield ind1=" " ind2=" " tag="752"><subfield code="a">United States</subfield><subfield code="b">New York</subfield><subfield code="c">Cayuga</subfield><subfield code="d">Port Byron.</subfield></datafield><datafield ind1="0" ind2="4" tag="780"><subfield code="t">Cayuga County news</subfield><subfield code="w">(DLC)sn 90066090</subfield></datafield><datafield ind1="0" ind2="4" tag="780"><subfield code="t">Port Byron chronicle</subfield><subfield code="w">(DLC)sn 83031688</subfield></datafield><datafield ind1="0" ind2="7" tag="785"><subfield code="t">Cayuga chief (Weedsport, N.Y.)</subfield><subfield code="w">(DLC)sn 84031323</subfield></datafield><datafield ind1="0" ind2="7" tag="785"><subfield code="t">Weedsport Cayuga chief-Port Byron chronicle</subfield><subfield code="w">(DLC)sn 90066069</subfield></datafield><datafield ind1="1" ind2=" " tag="029"><subfield code="a">AU@</subfield><subfield code="b">000025871558</subfield></datafield></record>